% This file was created with JabRef 2.9.2.
% Encoding: UTF-8

@MISC{AGESIC:MisionYVision,
  author = {Agencia para el Desarrollo del Gobierno de Gestión Electrónica y
  la Sociedad de la Información y del Conocimiento},
  title = {Misión y visión},
  owner = {miguel},
  timestamp = {2014.04.03},
  url = {http://agesic.gub.uy/innovaportal/v/89/1/agesic/mision_y_vision_.html}
}

@MISC{AGESIC:PDI,
  author = {Agencia para el Desarrollo del Gobierno de Gestión Electrónica y
  la Sociedad de la Información y del Conocimiento},
  title = {Plataforma de EGob},
  owner = {miguel},
  timestamp = {2014.04.03},
  url = {http://agesic.gub.uy/innovaportal/v/1710/1/agesic/plataforma_de_interoperabilidad.html?menuderecho=5}
}

@BOOK{Erl:2011:SGG:1983453,
  title = {SOA Governance: Governing Shared Services On-Premise and in the Cloud},
  publisher = {Prentice Hall Press},
  year = {2011},
  author = {Erl, Thomas and Bennett, Stephen G. and Carlyle, Benjamin and Gee,
  Clive and Laird, Robert and Manes, Anne Thomas and Moores, Robert
  and Schneider, Robert and Shuster, Leo and Tost, Andre and Venable,
  Chris and Santas, Filippos},
  address = {Upper Saddle River, NJ, USA},
  edition = {1st},
  isbn = {0138156751, 9780138156756}
}
