% This file was created with JabRef 2.4.1.
% Encoding: Cp1252

@MISC{seminario_CSI_2008,
  author = {{InCO}},
  title = {{Seminario sobre Caldad de Web Services, Facultad de Ingenier√≠a.}},
  howpublished = {\url{http://www.fing.edu.uy/inco/grupos/csi/esp/Seminarios/CalidadWebServices/Contexto.pdf}}
}

@ARTICLE{Lucas2013,
  author = {Juan Pablo Lucas},
  title = {LibroJP},
  year = {2013},
  volume = {2},
  owner = {User},
  timestamp = {2014.03.30}
  
}

@MANUAL{abc,
  title = {ADASDASDSA},
  owner = {User},
  timestamp = {2014.03.31},
  url = {www.google.com}
}


